@Book{xie2015,
  title = {Dynamic Documents with {R} and knitr},
  author = {Yihui Xie},
  publisher = {Chapman and Hall/CRC},
  address = {Boca Raton, Florida},
  year = {2015},
  edition = {2nd},
  note = {ISBN 978-1498716963},
  url = {http://yihui.org/knitr/}
}


@Book{noman-2012, 
  title = {빅데이터 분석 도구 R 프로그래밍},
  author = {노만 매트로프},
  translator = {권정민}, 
  publisher = {에이콘출판},
  year = {2012},
  edition = {1st},
  note = {ISBN 978-8960773332}
}


@Book{kwon-2017, 
  title = {실리콘밸리 데이터 과학자가 알려주는 따라하며 배우는 데이터 과학},
  author = {권재명},
  publisher = {제이펍},
  year = {2017},
  edition = {1st},
  note = {ISBN 979-1185890869}
}

@Book{seo-2014, 
  title = {{R}을 이용한 데이터 처리\&분석},
  author = {서민구},
  publisher = {길벗},
  year = {2014},
  edition = {1st},
  note = {ISBN 978-8966188260}
}

@Book{ryu-2005, 
  title = {{R} 그래픽스},
  author = {유충현 and 이상호 and 김정일},
  publisher = {자유아카데미},
  year = {2005},
  edition = {1st},
  note = {ISBN 978-8973385539}
}

@book{wickham-2016,
  title={{ggplot2}: elegant graphics for data analysis},
  author={Wickham, Hadley},
  year={2016},
  publisher={Springer}
}

@book{wickham-2016r,
  title={{R} for data science: import, tidy, transform, visualize, and model data},
  author={Wickham, Hadley and Grolemund, Garrett},
  year={2016},
  publisher={" O'Reilly Media, Inc."}
}

@book{rizzo-2019,
  title={Statistical computing with R},
  author={Rizzo, Maria L},
  year={2019},
  publisher={CRC Press}
}

@Book{xie-2016,
    title = {bookdown: Authoring Books and Technical Documents with {R} Markdown},
    author = {Yihui Xie},
    publisher = {Chapman and Hall/CRC},
    address = {Boca Raton, Florida},
    year = {2016},
    note = {ISBN 978-1138700109},
    url = {https://github.com/rstudio/bookdown}
  }

@Book{xie-2018,
    title = {R Markdown: The Definitive Guide},
    author = {Yihui Xie and J.J. Allaire and Garrett Grolemund},
    publisher = {Chapman and Hall/CRC},
    address = {Boca Raton, Florida},
    year = {2018},
    note = {ISBN 9781138359338},
    url = {https://bookdown.org/yihui/rmarkdown}
  }
  
@book{chen-2010,
  title={Clinical trial data analysis using R},
  author={Chen, Ding-Geng Din and Peace, Karl E},
  year={2010},
  publisher={CRC Press}
}


@article{wickham-2014p,
  title={Tidy data},
  author={Wickham, Hadley and others},
  journal={Journal of Statistical Software},
  volume={59},
  number={10},
  pages={1--23},
  year={2014}
}

@Article{wickham-2007p,
    title = {Reshaping Data with the {reshape} Package},
    author = {Hadley Wickham},
    journal = {Journal of Statistical Software},
    year = {2007},
    volume = {21},
    number = {12},
    pages = {1--20},
    url = {http://www.jstatsoft.org/v21/i12/}
  }
  
  
@incollection{wilkinson2012grammar,
  title={The grammar of graphics},
  author={Wilkinson, Leland},
  booktitle={Handbook of Computational Statistics},
  pages={375--414},
  year={2012},
  publisher={Springer}
}

@Book{xie-2020,
    title = {{R} Markdown Cookbook},
    author = {Xie, Yihui and Dervieux, Christophe and Riederer, Emily},
    publisher = {Chapman and Hall/CRC},
    address = {Boca Raton, Florida},
    year = {2020},
    note = {ISBN 978-1000290806},
    url = {https://bookdown.org/yihui/rmarkdown-cookbook/}
}


@book{peng-2016,
  title={{R} programming for data science},
  author={Peng, Roger D},
  year={2016},
  publisher={Learnpub}, 
  url = {https://bookdown.org/rdpeng/rprogdatascience/}
}


@book{silge-2017,
  title={Text mining with {R}},
  author={Silge, Julia and Robinson, David},
  year={2017},
  publisher={" O'Reilly Media, Inc."}, 
  url = {https://www.tidytextmining.com/}
}

@Book{ko-2014, 
  title = {{R}과 knitr를 활용한 데이터 연동형 문서 만들기},
  author = {고석범},
  publisher = {에이콘 출판사},
  year = {2014},
  edition = {1st},
  note = {ISBN 978-8960775510}
}

